@article{ivanfanta2021,
  author    = {Ivanfanta},
  title     = {Do We Actually Agree to These Terms and Conditions?},
  journal   = {Journal of Digital Ethics},
  year      = {2021},
  volume    = {12},
  number    = {3},
  pages     = {45--56},
  month     = {July},
  publisher = {ProPrivacy},
}

@misc{deloitte2017,
  author       = {Deloitte},
  title        = {2017 Global Mobile Consumer Survey: US editionâ€”The dawn of the next era in mobile},
  year         = {2017},
  month        = {January},
  howpublished = {Deloitte},
  url          = {https://www2.deloitte.com/content/dam/Deloitte/us/Documents/technology-media-telecommunications/},
  note         = {Retrieved from Deloitte's website}
}

@misc{gdprArchives,
  author       = {GDPR.eu},
  title        = {GDPR archives},
  year         = {n.d.},
  howpublished = {\textit{GDPR.eu}},
  url          = {https://gdpr.eu/tag/gdpr/},
  note         = {Retrieved from GDPR.eu}
}

@misc{googleTerms,
  author       = {YouTube},
  title        = {Terms of service},
  year         = {n.d.},
  url          = {https://www.youtube.com/t/terms?archive=20180525},
  note         = {Retrieved from YouTube's website}
}

@misc{metaTerms,
  author       = {Meta},
  title        = {Terms of service},
  year         = {n.d.},
  url          = {https://www.facebook.com/terms.php/},
  note         = {Retrieved from Facebook's website}
}

@misc{xTerms,
  author       = {X},
  title        = {Terms of service},
  year         = {n.d.},
  url          = {https://x.com/en/tos},
  note         = {Retrieved from X.com}
}